@book{DBLP:books/teu/Wegener87,
    author    = {Ingo Wegener},
    title     = {The complexity of Boolean functions},
    publisher = {Wiley-Teubner},
    year      = {1987},
    url       = {http://ls2-www.cs.uni-dortmund.de/monographs/bluebook/},
    timestamp = {Mon, 02 Jun 2003 14:35:17 +0200},
    biburl    = {https://dblp.org/rec/books/teu/Wegener87.bib},
    bibsource = {dblp computer science bibliography, https://dblp.org}
}

@article{DBLP:journals/eccc/KulikovS21,
  author    = {Alexander S. Kulikov and
               Nikita Slezkin},
  title     = {SAT-based Circuit Local Improvement},
  journal   = {Electron. Colloquium Comput. Complex.},
  volume    = {28},
  pages     = {44},
  year      = {2021},
  url       = {https://eccc.weizmann.ac.il/report/2021/044},
  timestamp = {Tue, 30 Mar 2021 18:02:19 +0200},
  biburl    = {https://dblp.org/rec/journals/eccc/KulikovS21.bib},
  bibsource = {dblp computer science bibliography, https://dblp.org}
}

@inproceedings{DBLP:conf/aaai/SchidlerS21,
    author    = {Andr{\'{e}} Schidler and
    Stefan Szeider},
    title     = {SAT-based Decision Tree Learning for Large Data Sets},
    booktitle = {Thirty-Fifth {AAAI} Conference on Artificial Intelligence, {AAAI}
    2021, Thirty-Third Conference on Innovative Applications of Artificial
    Intelligence, {IAAI} 2021, The Eleventh Symposium on Educational Advances
    in Artificial Intelligence, {EAAI} 2021, Virtual Event, February 2-9,
    2021},
    pages     = {3904--3912},
    publisher = {{AAAI} Press},
    year      = {2021},
    url       = {https://ojs.aaai.org/index.php/AAAI/article/view/16509},
    timestamp = {Wed, 02 Jun 2021 18:09:11 +0200},
    biburl    = {https://dblp.org/rec/conf/aaai/SchidlerS21.bib},
    bibsource = {dblp computer science bibliography, https://dblp.org}
}

@inproceedings{DBLP:conf/aaai/RamaswamyS21,
    author    = {Vaidyanathan Peruvemba Ramaswamy and
    Stefan Szeider},
    title     = {Turbocharging Treewidth-Bounded Bayesian Network Structure Learning},
    booktitle = {Thirty-Fifth {AAAI} Conference on Artificial Intelligence, {AAAI}
    2021, Thirty-Third Conference on Innovative Applications of Artificial
    Intelligence, {IAAI} 2021, The Eleventh Symposium on Educational Advances
    in Artificial Intelligence, {EAAI} 2021, Virtual Event, February 2-9,
    2021},
    pages     = {3895--3903},
    publisher = {{AAAI} Press},
    year      = {2021},
    url       = {https://ojs.aaai.org/index.php/AAAI/article/view/16508},
    timestamp = {Wed, 02 Jun 2021 18:09:11 +0200},
    biburl    = {https://dblp.org/rec/conf/aaai/RamaswamyS21.bib},
    bibsource = {dblp computer science bibliography, https://dblp.org}
}

@inproceedings{DBLP:conf/sat/FichteLS17,
  author    = {Johannes Klaus Fichte and
               Neha Lodha and
               Stefan Szeider},
  editor    = {Serge Gaspers and
               Toby Walsh},
  title     = {SAT-Based Local Improvement for Finding Tree Decompositions of Small
               Width},
  booktitle = {Theory and Applications of Satisfiability Testing - {SAT} 2017 - 20th
               International Conference, Melbourne, VIC, Australia, August 28 - September
               1, 2017, Proceedings},
  series    = {Lecture Notes in Computer Science},
  volume    = {10491},
  pages     = {401--411},
  publisher = {Springer},
  year      = {2017},
  url       = {https://doi.org/10.1007/978-3-319-66263-3\_25},
  doi       = {10.1007/978-3-319-66263-3\_25},
  timestamp = {Tue, 14 May 2019 10:00:41 +0200},
  biburl    = {https://dblp.org/rec/conf/sat/FichteLS17.bib},
  bibsource = {dblp computer science bibliography, https://dblp.org}
}

@inproceedings{DBLP:conf/cp/RamaswamyS20,
  author    = {Vaidyanathan Peruvemba Ramaswamy and
               Stefan Szeider},
  editor    = {Helmut Simonis},
  title     = {MaxSAT-Based Postprocessing for Treedepth},
  booktitle = {Principles and Practice of Constraint Programming - 26th International
               Conference, {CP} 2020, Louvain-la-Neuve, Belgium, September 7-11,
               2020, Proceedings},
  series    = {Lecture Notes in Computer Science},
  volume    = {12333},
  pages     = {478--495},
  publisher = {Springer},
  year      = {2020},
  url       = {https://doi.org/10.1007/978-3-030-58475-7\_28},
  doi       = {10.1007/978-3-030-58475-7\_28},
  timestamp = {Sat, 19 Sep 2020 13:19:45 +0200},
  biburl    = {https://dblp.org/rec/conf/cp/RamaswamyS20.bib},
  bibsource = {dblp computer science bibliography, https://dblp.org}
}

@article{DBLP:journals/tocl/LodhaOS19,
  author    = {Neha Lodha and
               Sebastian Ordyniak and
               Stefan Szeider},
  title     = {A {SAT} Approach to Branchwidth},
  journal   = {{ACM} Trans. Comput. Log.},
  volume    = {20},
  number    = {3},
  pages     = {15:1--15:24},
  year      = {2019},
  url       = {https://doi.org/10.1145/3326159},
  doi       = {10.1145/3326159},
  timestamp = {Wed, 07 Aug 2019 15:53:28 +0200},
  biburl    = {https://dblp.org/rec/journals/tocl/LodhaOS19.bib},
  bibsource = {dblp computer science bibliography, https://dblp.org}
}



@inproceedings{DBLP:conf/date/Kulikov18,
  author    = {Alexander S. Kulikov},
  editor    = {Jan Madsen and
               Ayse K. Coskun},
  title     = {Improving circuit size upper bounds using SAT-solvers},
  booktitle = {2018 Design, Automation {\&} Test in Europe Conference {\&}
               Exhibition, {DATE} 2018, Dresden, Germany, March 19-23, 2018},
  pages     = {305--308},
  publisher = {{IEEE}},
  year      = {2018},
  url       = {https://doi.org/10.23919/DATE.2018.8342026},
  doi       = {10.23919/DATE.2018.8342026},
  timestamp = {Wed, 16 Oct 2019 14:14:53 +0200},
  biburl    = {https://dblp.org/rec/conf/date/Kulikov18.bib},
  bibsource = {dblp computer science bibliography, https://dblp.org}
}

@misc{EPFLLibraries,
  author = {Soeken, Mathias and
            Riener, Heinz and
            Haaswijk, Winston and
            Testa, Eleonora and
            Schmitt, Bruno and
            Meuli, Giulia and
            Mozafari, Fereshte and
            De Micheli, Giovanni},
  title = {The {EPFL} logic synthesis libraries},
  archivePrefix = "arXiv",
  note = {arXiv:1805.05121v2},
  year = 2019,
  month = nov
}

@inproceedings{DBLP:conf/cade/BrakensiekHMN20,
  author    = {Joshua Brakensiek and
               Marijn Heule and
               John Mackey and
               David Narv{\'{a}}ez},
  editor    = {Nicolas Peltier and
               Viorica Sofronie{-}Stokkermans},
  title     = {The Resolution of {K}eller's Conjecture},
  booktitle = {Automated Reasoning - 10th International Joint Conference, {IJCAR}
               2020, Paris, France, July 1-4, 2020, Proceedings, Part {I}},
  series    = {Lecture Notes in Computer Science},
  volume    = {12166},
  pages     = {48--65},
  publisher = {Springer},
  year      = {2020},
  url       = {https://doi.org/10.1007/978-3-030-51074-9\_4},
  doi       = {10.1007/978-3-030-51074-9\_4},
  timestamp = {Fri, 03 Jul 2020 13:41:25 +0200},
  biburl    = {https://dblp.org/rec/conf/cade/BrakensiekHMN20.bib},
  bibsource = {dblp computer science bibliography, https://dblp.org}
}

@article{DBLP:journals/jsat/Biere08,
  author    = {Armin Biere},
  title     = {Pico{SAT} Essentials},
  journal   = {J. Satisf. Boolean Model. Comput.},
  volume    = {4},
  number    = {2-4},
  pages     = {75--97},
  year      = {2008},
  url       = {https://doi.org/10.3233/sat190039},
  doi       = {10.3233/sat190039},
  timestamp = {Mon, 17 Aug 2020 18:32:39 +0200},
  biburl    = {https://dblp.org/rec/journals/jsat/Biere08.bib},
  bibsource = {dblp computer science bibliography, https://dblp.org}
}

@article{Lup59,
annote = {In Russian.},
author = {Lupanov, Oleg},
journal = {Izvestiya VUZov, Radiofizika},
pages = {120--140},
title = {{A method of circuit synthesis}},
volume = {1},
year = {1959}
}

@article{Sergeev2020,
annote = {In Russian},
author = {Sergeev, Igor},
doi = {10.4213/dm1547},
journal = {Diskretnaya Matematika},
pages = {81--109},
title = {On monotone circuit complexity of threshold Boolean functions},
volume = {32},
issue = {1},
year = {2020},
}

@article{M56,
     author       = {Muller, David~E.},
     title        = {Complexity in Electronic Switching Circuits},
     journal      = {IRE Transactions on Electronic Computers},
     volume       = {EC-5},
     number       = {},
     pages        = {15--19},
     month        = {},
     year         = {1956},
     note         = {}
}

@article{Williams:2008:APT:1466390.1466401,
 author = {Williams, Ryan},
 title = {Applying Practice to Theory},
 journal = {SIGACT News},
 issue_date = {December 2008},
 volume = {39},
 number = {4},
 month = nov,
 year = {2008},
 issn = {0163-5700},
 pages = {37--52},
 numpages = {16},
 url = {http://doi.acm.org/10.1145/1466390.1466401},
 doi = {10.1145/1466390.1466401},
 acmid = {1466401},
 publisher = {ACM},
 address = {New York, NY, USA},
}

@book{Knuth:2008:ACP:1377542,
 author = {Knuth, Donald E.},
 title = {The Art of Computer Programming, Volume 4, Fascicle 0: Introduction to Combinatorial Algorithms and Boolean Functions (Art of Computer Programming)},
 year = {2008},
 isbn = {0321534964, 9780321534965},
 edition = {1},
 publisher = {Addison-Wesley Professional},
}

@article{Shannon49,
  author = {Claude E. Shannon},
  title = {The synthesis of two-terminal switching circuits},
  journal = {Bell Systems Technical Journal},
  volume = {28},
  pages = {59--98},
  year = {1949}
}

@inproceedings{DBLP:conf/focs/FindGHK16,
  author    = {Magnus Gausdal Find and
               Alexander Golovnev and
               Edward A. Hirsch and
               Alexander S. Kulikov},
  title     = {A Better-Than-3n Lower Bound for the Circuit Complexity of an Explicit
               Function},
  booktitle = {{IEEE} 57th Annual Symposium on Foundations of Computer Science, {FOCS}
               2016, 9-11 October 2016, Hyatt Regency, New Brunswick, New Jersey,
               {USA}},
  pages     = {89--98},
  year      = {2016},
  crossref  = {DBLP:conf/focs/2016},
  url       = {https://doi.org/10.1109/FOCS.2016.19},
  doi       = {10.1109/FOCS.2016.19},
  timestamp = {Fri, 19 May 2017 01:25:59 +0200},
  biburl    = {http://dblp.org/rec/bib/conf/focs/FindGHK16},
  bibsource = {dblp computer science bibliography, http://dblp.org}
}
@proceedings{DBLP:conf/focs/2016,
  editor    = {Irit Dinur},
  title     = {{IEEE} 57th Annual Symposium on Foundations of Computer Science, {FOCS}
               2016, 9-11 October 2016, Hyatt Regency, New Brunswick, New Jersey,
               {USA}},
  publisher = {{IEEE} Computer Society},
  year      = {2016},
  url       = {http://ieeexplore.ieee.org/xpl/mostRecentIssue.jsp?punumber=7781469},
  isbn      = {978-1-5090-3933-3},
  timestamp = {Tue, 20 Dec 2016 16:13:45 +0100},
  biburl    = {http://dblp.org/rec/bib/conf/focs/2016},
  bibsource = {dblp computer science bibliography, http://dblp.org}
}

@book{Knuth:2015:ACP:2898950,
 author = {Knuth, Donald E.},
 title = {The Art of Computer Programming, Volume~4, Fascicle~6: Satisfiability},
 year = {2015},
 isbn = {0134397606, 9780134397603},
 edition = {1st},
 publisher = {Addison-Wesley Professional},
}

@article{DBLP:journals/ipl/DemenkovKKY10,
  author    = {Evgeny Demenkov and
               Arist Kojevnikov and
               Alexander S. Kulikov and
               Grigory Yaroslavtsev},
  title     = {New upper bounds on the Boolean circuit complexity of symmetric functions},
  journal   = {Inf. Process. Lett.},
  volume    = {110},
  number    = {7},
  pages     = {264--267},
  year      = {2010},
  url       = {https://doi.org/10.1016/j.ipl.2010.01.007},
  doi       = {10.1016/j.ipl.2010.01.007},
  timestamp = {Fri, 26 May 2017 22:54:43 +0200},
  biburl    = {http://dblp.org/rec/bib/journals/ipl/DemenkovKKY10},
  bibsource = {dblp computer science bibliography, http://dblp.org}
}

@article{DBLP:journals/mst/Stockmeyer77,
  author    = {Larry J. Stockmeyer},
  title     = {On the Combinational Complexity of Certain Symmetric Boolean Functions},
  journal   = {Mathematical Systems Theory},
  volume    = {10},
  pages     = {323--336},
  year      = {1977},
  doi       = {10.1007/BF01683282},
  timestamp = {Fri, 03 Jun 2011 16:02:47 +0200},
  bibsource = {dblp computer science bibliography, http://dblp.org}
}

@inproceedings{DBLP:conf/sat/KojevnikovKY09,
  author    = {Arist Kojevnikov and
               Alexander S. Kulikov and
               Grigory Yaroslavtsev},
  title     = {Finding Efficient Circuits Using {SAT}-Solvers},
  booktitle = {Theory and Applications of Satisfiability Testing - {SAT} 2009, 12th
               International Conference, {SAT} 2009, Swansea, UK, June 30 - July
               3, 2009. Proceedings},
  pages     = {32--44},
  year      = {2009},
  crossref  = {DBLP:conf/sat/2009},
  url       = {https://doi.org/10.1007/978-3-642-02777-2_5},
  doi       = {10.1007/978-3-642-02777-2_5},
  timestamp = {Tue, 23 May 2017 01:08:19 +0200},
  biburl    = {http://dblp.org/rec/bib/conf/sat/KojevnikovKY09},
  bibsource = {dblp computer science bibliography, http://dblp.org}
}
@proceedings{DBLP:conf/sat/2009,
  editor    = {Oliver Kullmann},
  title     = {Theory and Applications of Satisfiability Testing - {SAT} 2009, 12th
               International Conference, {SAT} 2009, Swansea, UK, June 30 - July
               3, 2009. Proceedings},
  series    = {Lecture Notes in Computer Science},
  volume    = {5584},
  publisher = {Springer},
  year      = {2009},
  url       = {https://doi.org/10.1007/978-3-642-02777-2},
  doi       = {10.1007/978-3-642-02777-2},
  isbn      = {978-3-642-02776-5},
  timestamp = {Tue, 23 May 2017 01:08:19 +0200},
  biburl    = {http://dblp.org/rec/bib/conf/sat/2009},
  bibsource = {dblp computer science bibliography, http://dblp.org}
}

@phdthesis{Dunne84,
  author       = {Paul E. Dunne},
  title        = {Techniques for the analysis of monotone Boolean networks},
  school       = {University of Warwick},
  year         = {1984},
}

@misc{reduction,
  howpublished = "\url{https://github.com/alexanderskulikov/circuit-synthesis}",
  key="reduction"
}

@misc{abc,
  howpublished = "\url{https://github.com/berkeley-abc/abc}",
  key="abc"
}

@misc{pycosat,
  howpublished = "\url{https://pypi.org/project/pycosat/}",
  key="pycosat"
}

@misc{knuthreduction,
  howpublished = "\url{http://www-cs-faculty.stanford.edu/~knuth/programs.html}",
  key="knuth"
}

@misc{git-improvement,
  howpublished = "\url{https://github.com/alexanderskulikov/circuit_improvement}",
  key="circuit"
}

@misc{pygraphviz,
  howpublished = "\url{https://pygraphviz.github.io/}",
  key="pyg"
}

